[gd_scene load_steps=12 format=2]

[ext_resource path="res://singletons/GlobalAudio.gd" type="Script" id=1]
[ext_resource path="res://sfx/death2.wav" type="AudioStream" id=2]
[ext_resource path="res://sfx/weapon-upgrade.wav" type="AudioStream" id=3]
[ext_resource path="res://sfx/explosion.wav" type="AudioStream" id=4]
[ext_resource path="res://sfx/gold-1.wav" type="AudioStream" id=5]
[ext_resource path="res://sfx/gold-2.wav" type="AudioStream" id=6]
[ext_resource path="res://sfx/gold-3.wav" type="AudioStream" id=7]
[ext_resource path="res://sfx/gold-4.wav" type="AudioStream" id=8]
[ext_resource path="res://sfx/power-up-1.wav" type="AudioStream" id=9]
[ext_resource path="res://sfx/power-up-2.noloop.wav" type="AudioStream" id=10]
[ext_resource path="res://sfx/power-up-3.noloop.wav" type="AudioStream" id=11]

[node name="GlobalAudio" type="Node" groups=[
"dont_destroy_on_load",
]]

pause_mode = 2
script = ExtResource( 1 )

[node name="Death" type="AudioStreamPlayer" parent="."]

stream = ExtResource( 2 )
volume_db = 0.0
autoplay = false
mix_target = 0
bus = "Master"

[node name="WeaponUpgrade" type="AudioStreamPlayer" parent="."]

stream = ExtResource( 3 )
volume_db = 0.0
autoplay = false
mix_target = 0
bus = "Master"

[node name="Explosion" type="AudioStreamPlayer" parent="."]

stream = ExtResource( 4 )
volume_db = 10.0
autoplay = false
mix_target = 0
bus = "Master"

[node name="Gem1" type="AudioStreamPlayer" parent="."]

stream = ExtResource( 5 )
volume_db = 0.0
autoplay = false
mix_target = 0
bus = "Master"

[node name="Gem2" type="AudioStreamPlayer" parent="."]

stream = ExtResource( 6 )
volume_db = 0.0
autoplay = false
mix_target = 0
bus = "Master"

[node name="Gem3" type="AudioStreamPlayer" parent="."]

stream = ExtResource( 7 )
volume_db = 0.0
autoplay = false
mix_target = 0
bus = "Master"

[node name="Gem4" type="AudioStreamPlayer" parent="."]

stream = ExtResource( 8 )
volume_db = 0.0
autoplay = false
mix_target = 0
bus = "Master"

[node name="Powerup1" type="AudioStreamPlayer" parent="."]

stream = ExtResource( 9 )
volume_db = 0.0
autoplay = false
mix_target = 0
bus = "Master"

[node name="Powerup2" type="AudioStreamPlayer" parent="."]

stream = ExtResource( 10 )
volume_db = 0.0
autoplay = false
mix_target = 0
bus = "Master"

[node name="Powerup3" type="AudioStreamPlayer" parent="."]

stream = ExtResource( 11 )
volume_db = 0.0
autoplay = false
mix_target = 0
bus = "Master"


